@book{tao18,
  author    = {陶哲轩},
  publisher = {人民邮电出版社},
  title     = {陶哲轩实分析},
  year      = {2018},
  isbn      = {9787115480255}
}
@book{yu20,
  author    = {于品},
  title     = {数学分析之课程讲义},
  year      = {2020},
  publisher = {清华⼤学数学系\ 及\ 丘成桐数学科学中⼼}
}
@book{fichtenholz06a,
  author    = {菲赫金哥尔茨},
  publisher = {高等教育出版社},
  title     = {微积分学教程},
  year      = {2006},
  edition   = {8},
  volume    = {1},
  isbn      = {9787040183030}
}
@book{fichtenholz06b,
  author    = {菲赫金哥尔茨},
  publisher = {高等教育出版社},
  title     = {微积分学教程},
  year      = {2006},
  edition   = {8},
  volume    = {2},
  isbn      = {9787040183047}
}
@book{fichtenholz06c,
  author    = {菲赫金哥尔茨},
  publisher = {高等教育出版社},
  title     = {微积分学教程},
  year      = {2006},
  edition   = {8},
  volume    = {3},
  isbn      = {9787040183054}
}
@book{cheng19a,
  author    = {程艺 and 陈卿 and 李平},
  publisher = {高等教育出版社},
  title     = {数学分析讲义},
  year      = {2019},
  edition   = {1},
  volume    = {1},
  isbn      = {9787040510331}
}
@book{xie04a,
  author    = {谢慧民 and 恽自求 and 易法槐 and 钱定边},
  publisher = {高等教育出版社},
  title     = {数学分析习题课讲义},
  year      = {2004},
  edition   = {1},
  volume    = {1},
  isbn      = {9787040119220}
}
@book{xie04b,
  author    = {谢慧民 and 恽自求 and 易法槐 and 钱定边},
  publisher = {高等教育出版社},
  title     = {数学分析习题课讲义},
  year      = {2004},
  edition   = {1},
  volume    = {2},
  isbn      = {9787040129410}
}
@book{chang12,
  author    = {常庚哲 and 史济怀},
  publisher = {中国科学技术大学出版社},
  title     = {数学分析教程},
  year      = {2012},
  edition   = {2},
  volume    = {1},
  isbn      = {9787312030093}
}
@book{chang13,
  author    = {常庚哲 and 史济怀},
  publisher = {中国科学技术大学出版社},
  title     = {数学分析教程},
  year      = {2013},
  edition   = {2},
  volume    = {2},
  isbn      = {9787312031311}
}
@book{zorich19a,
  author    = {卓里奇},
  publisher = {高等教育出版社},
  title     = {数学分析},
  year      = {2019},
  edition   = {7},
  volume    = {1},
  isbn      = {9787312031311}
}
@book{knuth86,
  title     = {The TeXbook},
  author    = {Knuth, D.E.},
  isbn      = {9780201134476},
  lccn      = {85030845},
  year      = {1986},
  publisher = {Addison--Wesley}
}
@unpublished{li24,
  title  = {数学强基讨论班讲义},
  author = {李沐西 and 王作勤},
  year   = {2024},
  month  = {June}
}

% =============== 第一章 公理化集合论 ==============
@book{takeuti12,
  author    = {Takeuti, Gaisi and Zaring, Wilson~M.},
  publisher = {Springer},
  title     = {Introduction to Axiomatic Set Theory},
  series    = {Graduate Texts in Mathematics},
  volume    = {001},
  year      = {2012}
}
% 这个 bib 根本找不到，可能实为期刊。
@book{scott62,
  author    = {Dana Scott},
  publisher = {North-Holland Publishing Company},
  address   = {Amsterdam},
  title     = {Essays on the Foundations of Mathematics},
  year      = {1962}
}
@book{quine69,
  title     = {Set Theory and Its Logic},
  author    = {Quine, Willard~Van~Orman},
  isbn      = {9780196266107},
  lccn      = {68014271},
  series    = {Harvard paperback},
  year      = {1969},
  publisher = {Harvard University Press}
}